
@misc{book:maclane,
    author    = "Saunders Mac Lane",
    title     = "Categories for the Working Mathematician",
    year   = "1978",
}

@misc{web:ncatlab,
   author =       {nLab},
   title =        {Functor in nLab},
   month =        {February},
   year =         {2019},
   note = {\href{https://ncatlab.org/nlab/show/functor#enriched_definition}{ncatlab.org} {[Last revised on February 5, 2019 at 13:23:04.]}},
 }
