@misc{web:ncatlab,
   author =       {nLab},
   title =        {natural transformation in nLab},
   month =        {April},
   year =         {2019},
   note = {\href{https://ncatlab.org/nlab/show/natural+transformation#InTermsOfCartMon}{ncatlab.org} {[Last revised on April 3, 2019 at 03:15:34.]}},
 }