
@misc{book:maclane,
    author    = "Saunders Mac Lane",
    title     = "Categories for the Working Mathematician",
    year   = "1978",
}

@article{book:original,
    author    = "Samuel Eilenberg, Saunders Mac Lane",
    title     = "General Theory of Natural Equivalences",
    year   = "1945",
    journal = "Transactions of the American Mathematical Society, Vol. 58, No. 2 (Sep., 1945), pp. 231- 294"
}

@misc{web:stanford,
   author =       {Stanford Encyclopedia of Philosophy},
   title =        {Category Theory},
   month =        {August},
   year =         {2019},
   note = {\href{https://plato.stanford.edu/entries/category-theory/}{stanford.edu} {[First published Fri Dec 6, 1996; substantive revision Thu Aug 29, 2019]}},
 }
